@article{DBLP:journals/corr/abs-1804-02767,
  author    = {Joseph Redmon and
               Ali Farhadi},
  title     = {YOLOv3: An Incremental Improvement},
  journal   = {CoRR},
  volume    = {abs/1804.02767},
  year      = {2018},
  url       = {http://arxiv.org/abs/1804.02767},
  archivePrefix = {arXiv},
  eprint    = {1804.02767},
  timestamp = {Tue, 01 May 2018 19:46:29 +0200},
  biburl    = {https://dblp.org/rec/bib/journals/corr/abs-1804-02767},
  bibsource = {dblp computer science bibliography, https://dblp.org}
}
